<?xml version="1.0" encoding="UTF-8"?><collection xmlns="http://www.loc.gov/MARC21/slim"><record><leader>00348nam--2200133-i-4500</leader><controlfield tag="001">000050235</controlfield><controlfield tag="002">20161230</controlfield><controlfield tag="005">20161230201048</controlfield><controlfield tag="008">060222s1000------------r-----000-0-eng-d</controlfield><datafield ind1=" " ind2=" " tag="080"><subfield code="a">533.92</subfield></datafield><datafield ind1=" " ind2=" " tag="100"><subfield code="a">Barnet, K.,Harrison, M</subfield></datafield><datafield ind1=" " ind2=" " tag="245"><subfield code="a">Prikladnaia fizika atomnyhstolknovenii. plazma</subfield></datafield><datafield ind1=" " ind2=" " tag="260"><subfield code="a">Moskva, Energoatomizdat, 1987, 430s</subfield></datafield><datafield ind1=" " ind2=" " tag="852"><subfield code="a">74922</subfield></datafield></record></collection>